<?xml version="1.0" encoding="UTF-8"?><collection xmlns="http://www.loc.gov/MARC21/slim"><record><leader>00466nam--2200133-i-4500</leader><controlfield tag="001">000006415</controlfield><controlfield tag="002">20161230</controlfield><controlfield tag="005">20161230201026</controlfield><controlfield tag="008">060222s1000------------r-----000-0-eng-d</controlfield><datafield ind1=" " ind2=" " tag="100"><subfield code="a">Bergua, H.Y Fornes, A</subfield></datafield><datafield ind1=" " ind2=" " tag="245"><subfield code="a">Los estudios sobre carburo de uranio en la jun ta de energia nuclear</subfield></datafield><datafield ind1=" " ind2=" " tag="260"><subfield code="a">/Madrid, Junta De Energia Nuclear/, 1963 37 P. + 11 Fig</subfield></datafield><datafield ind1=" " ind2=" " tag="490"><subfield code="a">Simposium Sobre La Tecnologia De Nuevos Materi Ales Nucleares, Praga 1-5 Junio, 1963</subfield></datafield><datafield ind1=" " ind2=" " tag="852"><subfield code="a">8980</subfield></datafield></record></collection>